@article{kidger2020neural,
  title={Neural controlled differential equations for irregular time series},
  author={Kidger, Patrick and Morrill, James and Foster, James and Lyons, Terry},
  journal={Advances in Neural Information Processing Systems},
  volume={33},
  pages={6696--6707},
  year={2020}
}

@article{vaillant2004statistics,
  title={Statistics on diffeomorphisms via tangent space representations},
  author={Vaillant, Marc and Miller, Michael I and Younes, Laurent and Trouv{\'e}, Alain},
  journal={NeuroImage},
  volume={23},
  pages={S161--S169},
  year={2004},
  publisher={Elsevier}
}
@article{beg2005computing,
  title={Computing large deformation metric mappings via geodesic flows of diffeomorphisms},
  author={Beg, M Faisal and Miller, Michael I and Trouv{\'e}, Alain and Younes, Laurent},
  journal={International journal of computer vision},
  volume={61},
  pages={139--157},
  year={2005},
  publisher={Springer}
}
@article{guscelli2019importance,
  title={The importance of inter-individual variation in predicting species' responses to global change drivers},
  author={Guscelli, Ella and Spicer, John I and Calosi, Piero},
  journal={Ecology and Evolution},
  volume={9},
  number={8},
  pages={4327--4339},
  year={2019},
  publisher={Wiley Online Library}
}
@article{wu2024shape,
  title={Shape-based functional data analysis},
  author={Wu, Yuexuan and Huang, Chao and Srivastava, Anuj},
  journal={TEST},
  volume={33},
  number={1},
  pages={1--47},
  year={2024},
  publisher={Springer}
}
@article{qiu2009time,
  title={Time sequence diffeomorphic metric mapping and parallel transport track time-dependent shape changes},
  author={Qiu, Anqi and Albert, Marilyn and Younes, Laurent and Miller, Michael I},
  journal={NeuroImage},
  volume={45},
  number={1},
  pages={S51--S60},
  year={2009},
  publisher={Elsevier}
}
@incollection{guigui2022parallel,
  title={Parallel transport, a central tool in geometric statistics for computational anatomy: Application to cardiac motion modeling},
  author={Guigui, Nicolas and Pennec, Xavier},
  booktitle={Handbook of Statistics},
  volume={46},
  pages={285--326},
  year={2022},
  publisher={Elsevier}
}
@book{berlinet2011reproducing,
  title={Reproducing kernel Hilbert spaces in probability and statistics},
  author={Berlinet, Alain and Thomas-Agnan, Christine},
  year={2011},
  publisher={Springer Science \& Business Media}
}$@article{miller2006geodesic,
  title={Geodesic shooting for computational anatomy},
  author={Miller, Michael I and Trouv{\'e}, Alain and Younes, Laurent},
  journal={Journal of mathematical imaging and vision},
  volume={24},
  pages={209--228},
  year={2006},
  publisher={Springer}
}
@inproceedings{kaltenmark2017general,
  title={A general framework for curve and surface comparison and registration with oriented varifolds},
  author={Kaltenmark, Irene and Charlier, Benjamin and Charon, Nicolas},
  booktitle={Proceedings of the IEEE Conference on Computer Vision and Pattern Recognition},
  pages={3346--3355},
  year={2017}
}
@article{durrleman2013sparse,
  title={Sparse adaptive parameterization of variability in image ensembles},
  author={Durrleman, Stanley and Allassonni{\`e}re, St{\'e}phanie and Joshi, Sarang},
  journal={International Journal of Computer Vision},
  volume={101},
  pages={161--183},
  year={2013},
  publisher={Springer}
}
@article{dziugaite2015training,
  title={Training generative neural networks via maximum mean discrepancy optimization},
  author={Dziugaite, Gintare Karolina and Roy, Daniel M and Ghahramani, Zoubin},
  journal={arXiv preprint arXiv:1505.03906},
  year={2015}
}
@article{borgwardt2006integrating,
  title={Integrating structured biological data by kernel maximum mean discrepancy},
  author={Borgwardt, Karsten M and Gretton, Arthur and Rasch, Malte J and Kriegel, Hans-Peter and Sch{\"o}lkopf, Bernhard and Smola, Alex J},
  journal={Bioinformatics},
  volume={22},
  number={14},
  pages={e49--e57},
  year={2006},
  publisher={Oxford University Press}
}
@article{milnor1965topology,
  title={TOPOLOGY FROM THE DIFFERENTIABLE VIEWPOINT},
  author={Milnor, John W},
  year={1965}
}
@article{ismail2019deep,
  title={Deep learning for time series classification: a review},
  author={Ismail Fawaz, Hassan and Forestier, Germain and Weber, Jonathan and Idoumghar, Lhassane and Muller, Pierre-Alain},
  journal={Data mining and knowledge discovery},
  volume={33},
  number={4},
  pages={917--963},
  year={2019},
  publisher={Springer}
}
@inproceedings{paparrizos2015k,
  title={k-shape: Efficient and accurate clustering of time series},
  author={Paparrizos, John and Gravano, Luis},
  booktitle={Proceedings of the 2015 ACM SIGMOD international conference on management of data},
  pages={1855--1870},
  year={2015}
}
@article{vidal2021perceptual,
  title={Perceptual-motor styles},
  author={Vidal, Pierre-Paul and Lacquaniti, Francesco},
  journal={Experimental Brain Research},
  volume={239},
  number={5},
  pages={1359--1380},
  year={2021},
  publisher={Springer}
}
@article{carmeli2010vector,
  title={Vector valued reproducing kernel Hilbert spaces and universality},
  author={Carmeli, Claudio and De Vito, Ernesto and Toigo, Alessandro and Umanit{\'a}, Veronica},
  journal={Analysis and Applications},
  volume={8},
  number={01},
  pages={19--61},
  year={2010},
  publisher={World Scientific}
}
@article{chung2004evolutionary,
  title={An evolutionary approach to pattern-based time series segmentation},
  author={Chung, Fu-Lai and Fu, Tak-Chung and Ng, Vincent and Luk, Robert WP},
  journal={IEEE transactions on evolutionary computation},
  volume={8},
  number={5},
  pages={471--489},
  year={2004},
  publisher={IEEE}
}
@inproceedings{ye2009time,
  title={Time series shapelets: a new primitive for data mining},
  author={Ye, Lexiang and Keogh, Eamonn},
  booktitle={Proceedings of the 15th ACM SIGKDD international conference on Knowledge discovery and data mining},
  pages={947--956},
  year={2009}
}
@article{shirato2023identifying,
  title={Identifying, exploring, and interpreting time series shapes in multivariate time intervals},
  author={Shirato, Gota and Andrienko, Natalia and Andrienko, Gennady},
  journal={Visual Informatics},
  volume={7},
  number={1},
  pages={77--91},
  year={2023},
  publisher={Elsevier}
}
@inproceedings{niennattrakul2007inaccuracies,
  title={Inaccuracies of shape averaging method using dynamic time warping for time series data},
  author={Niennattrakul, Vit and Ratanamahatana, Chotirat Ann},
  booktitle={Computational Science--ICCS 2007: 7th International Conference, Beijing, China, May 27-30, 2007, Proceedings, Part I 7},
  pages={513--520},
  year={2007},
  organization={Springer}
}
@article{madona2021pqrst,
  title={PQRST wave detection on ECG signals},
  author={Madona, Putri and Basti, Rahmat Ilias and Zain, Muhammad Mahrus},
  journal={Gaceta Sanitaria},
  volume={35},
  pages={S364--S369},
  year={2021},
  publisher={Elsevier}
}
@article{bishop1994neural,
  title={Neural networks and their applications},
  author={Bishop, Chris M},
  journal={Review of scientific instruments},
  volume={65},
  number={6},
  pages={1803--1832},
  year={1994},
  publisher={American Institute of Physics}
}
@article{ismail2020benchmarking,
  title={Benchmarking deep learning interpretability in time series predictions},
  author={Ismail, Aya Abdelsalam and Gunady, Mohamed and Corrada Bravo, Hector and Feizi, Soheil},
  journal={Advances in neural information processing systems},
  volume={33},
  pages={6441--6452},
  year={2020}
}
@article{zhang2018visual,
  title={Visual interpretability for deep learning: a survey},
  author={Zhang, Quan-shi and Zhu, Song-Chun},
  journal={Frontiers of Information Technology \& Electronic Engineering},
  volume={19},
  number={1},
  pages={27--39},
  year={2018},
  publisher={Springer}
}
@article{muller2007dynamic,
  title={Dynamic time warping},
  author={M{\"u}ller, Meinard},
  journal={Information retrieval for music and motion},
  pages={69--84},
  year={2007},
  publisher={Springer}
}
@article{asgari2023clustering,
  title={Clustering of clinical multivariate time-series utilizing recent advances in machine-learning},
  author={Asgari, Asal},
  year={2023},
  publisher={UiT Norges arktiske universitet}
}
@inproceedings{cuturi2017soft,
  title={Soft-dtw: a differentiable loss function for time-series},
  author={Cuturi, Marco and Blondel, Mathieu},
  booktitle={International conference on machine learning},
  pages={894--903},
  year={2017},
  organization={PMLR}
}
@article{yuan2019wave2vec,
  title={Wave2vec: Deep representation learning for clinical temporal data},
  author={Yuan, Ye and Xun, Guangxu and Suo, Qiuling and Jia, Kebin and Zhang, Aidong},
  journal={Neurocomputing},
  volume={324},
  pages={31--42},
  year={2019},
  publisher={Elsevier}
}
@article{tonekaboni2021unsupervised,
  title={Unsupervised representation learning for time series with temporal neighborhood coding},
  author={Tonekaboni, Sana and Eytan, Danny and Goldenberg, Anna},
  journal={arXiv preprint arXiv:2106.00750},
  year={2021}
}
@article{franceschi2019unsupervised,
  title={Unsupervised scalable representation learning for multivariate time series},
  author={Franceschi, Jean-Yves and Dieuleveut, Aymeric and Jaggi, Martin},
  journal={Advances in neural information processing systems},
  volume={32},
  year={2019}
}

@article{dempster2020rocket,
  title={ROCKET: exceptionally fast and accurate time series classification using random convolutional kernels},
  author={Dempster, Angus and Petitjean, Fran{\c{c}}ois and Webb, Geoffrey I},
  journal={Data Mining and Knowledge Discovery},
  volume={34},
  number={5},
  pages={1454--1495},
  year={2020},
  publisher={Springer}
}
@article{lubba2019catch22,
  title={catch22: CAnonical Time-series CHaracteristics: Selected through highly comparative time-series analysis},
  author={Lubba, Carl H and Sethi, Sarab S and Knaute, Philip and Schultz, Simon R and Fulcher, Ben D and Jones, Nick S},
  journal={Data Mining and Knowledge Discovery},
  volume={33},
  number={6},
  pages={1821--1852},
  year={2019},
  publisher={Springer}
}
@book{anderson2011statistical,
  title={The statistical analysis of time series},
  author={Anderson, Theodore W},
  year={2011},
  publisher={John Wiley \& Sons}
}
@article{le2001locating,
  title={Locating Fr{\'e}chet means with application to shape spaces},
  author={Le, Huiling},
  journal={Advances in Applied Probability},
  volume={33},
  number={2},
  pages={324--338},
  year={2001},
  publisher={Cambridge University Press}
}
@inproceedings{pal2017riemannian,
  title={A Riemannian framework for linear and quadratic discriminant analysis on the tangent space of shapes},
  author={Pal, Susovan and Woods, Roger P and Panjiyar, Suchit and Sowell, Elizabeth and Narr, Katherine L and Joshi, Shantanu H},
  booktitle={Proceedings of the IEEE Conference on Computer Vision and Pattern Recognition Workshops},
  pages={47--55},
  year={2017}
}
@article{ye2012heartbeat,
  title={Heartbeat classification using morphological and dynamic features of ECG signals},
  author={Ye, Can and Kumar, BVK Vijaya and Coimbra, Miguel Tavares},
  journal={IEEE Transactions on Biomedical Engineering},
  volume={59},
  number={10},
  pages={2930--2941},
  year={2012},
  publisher={IEEE}
}
@book{bloomfield2004fourier,
  title={Fourier analysis of time series: an introduction},
  author={Bloomfield, Peter},
  year={2004},
  publisher={John Wiley \& Sons}
}
@book{percival2000wavelet,
  title={Wavelet methods for time series analysis},
  author={Percival, Donald B and Walden, Andrew T},
  volume={4},
  year={2000},
  publisher={Cambridge university press}
}
@article{torres2021deep,
  title={Deep learning for time series forecasting: a survey},
  author={Torres, Jos{\'e} F and Hadjout, Dalil and Sebaa, Abderrazak and Mart{\'\i}nez-{\'A}lvarez, Francisco and Troncoso, Alicia},
  journal={Big Data},
  volume={9},
  number={1},
  pages={3--21},
  year={2021},
  publisher={Mary Ann Liebert, Inc., publishers 140 Huguenot Street, 3rd Floor New~…}
}
@article{blazquez2021review,
  title={A review on outlier/anomaly detection in time series data},
  author={Bl{\'a}zquez-Garc{\'\i}a, Ane and Conde, Angel and Mori, Usue and Lozano, Jose A},
  journal={ACM Computing Surveys (CSUR)},
  volume={54},
  number={3},
  pages={1--33},
  year={2021},
  publisher={ACM New York, NY, USA}
}
@article{kobyzev2020normalizing,
  title={Normalizing flows: An introduction and review of current methods},
  author={Kobyzev, Ivan and Prince, Simon JD and Brubaker, Marcus A},
  journal={IEEE transactions on pattern analysis and machine intelligence},
  volume={43},
  number={11},
  pages={3964--3979},
  year={2020},
  publisher={IEEE}
}
@article{wang2016research,
  title={Research on healthy anomaly detection model based on deep learning from multiple time-series physiological signals},
  author={Wang, Kai and Zhao, Youjin and Xiong, Qingyu and Fan, Min and Sun, Guotan and Ma, Longkun and Liu, Tong and others},
  journal={Scientific Programming},
  volume={2016},
  year={2016},
  publisher={Hindawi}
}
@article{bar2012studying,
  title={Studying and modelling dynamic biological processes using time-series gene expression data},
  author={Bar-Joseph, Ziv and Gitter, Anthony and Simon, Itamar},
  journal={Nature Reviews Genetics},
  volume={13},
  number={8},
  pages={552--564},
  year={2012},
  publisher={Nature Publishing Group UK London}
}
@article{zhuang2020adabelief,
  title={Adabelief optimizer: Adapting stepsizes by the belief in observed gradients},
  author={Zhuang, Juntang and Tang, Tommy and Ding, Yifan and Tatikonda, Sekhar C and Dvornek, Nicha and Papademetris, Xenophon and Duncan, James},
  journal={Advances in neural information processing systems},
  volume={33},
  pages={18795--18806},
  year={2020}
}

@misc{hsu2003practical,
  title={A practical guide to support vector classification},
  author={Hsu, Chih-Wei and Chang, Chih-Chung and Lin, Chih-Jen and others},
  year={2003},
  publisher={Taipei, Taiwan}
}
@article{bro2014principal,
  title={Principal component analysis},
  author={Bro, Rasmus and Smilde, Age K},
  journal={Analytical methods},
  volume={6},
  number={9},
  pages={2812--2831},
  year={2014},
  publisher={Royal Society of Chemistry}
}
@article{germain2023unsupervised,
  title={Unsupervised classification of plethysmography signals with advanced visual representations},
  author={Germain, Thibaut and Truong, Charles and Oudre, Laurent and Krejci, Eric},
  journal={Frontiers in Physiology},
  volume={14},
  pages={781},
  year={2023},
  publisher={Frontiers}
}
@article{meng2023unsupervised,
  title={Unsupervised representation learning for time series: A review},
  author={Meng, Qianwen and Qian, Hangwei and Liu, Yong and Xu, Yonghui and Shen, Zhiqi and Cui, Lizhen},
  journal={arXiv preprint arXiv:2308.01578},
  year={2023}
}
@article{luo2021deep,
  title={Deep learning-based anomaly detection in cyber-physical systems: Progress and opportunities},
  author={Luo, Yuan and Xiao, Ya and Cheng, Long and Peng, Guojun and Yao, Danfeng},
  journal={ACM Computing Surveys (CSUR)},
  volume={54},
  number={5},
  pages={1--36},
  year={2021},
  publisher={ACM New York, NY, USA}
}
@article{liu2019neural,
  title={Neural sde: Stabilizing neural ode networks with stochastic noise},
  author={Liu, Xuanqing and Xiao, Tesi and Si, Si and Cao, Qin and Kumar, Sanjiv and Hsieh, Cho-Jui},
  journal={arXiv preprint arXiv:1906.02355},
  year={2019}
}
@inproceedings{ansari2023neural,
  title={Neural continuous-discrete state space models for irregularly-sampled time series},
  author={Ansari, Abdul Fatir and Heng, Alvin and Lim, Andre and Soh, Harold},
  booktitle={International Conference on Machine Learning},
  pages={926--951},
  year={2023},
  organization={PMLR}
}
@article{zagoruyko2016wide,
  title={Wide residual networks},
  author={Zagoruyko, Sergey and Komodakis, Nikos},
  journal={arXiv preprint arXiv:1605.07146},
  year={2016}
}
@article{schuster1997bidirectional,
  title={Bidirectional recurrent neural networks},
  author={Schuster, Mike and Paliwal, Kuldip K},
  journal={IEEE transactions on Signal Processing},
  volume={45},
  number={11},
  pages={2673--2681},
  year={1997},
  publisher={Ieee}
}
@article{oh2024stable,
  title={Stable Neural Stochastic Differential Equations in Analyzing Irregular Time Series Data},
  author={Oh, YongKyung and Lim, Dongyoung and Kim, Sungil},
  journal={arXiv preprint arXiv:2402.14989},
  year={2024}
}
@article{jia2019neural,
  title={Neural jump stochastic differential equations},
  author={Jia, Junteng and Benson, Austin R},
  journal={Advances in Neural Information Processing Systems},
  volume={32},
  year={2019}
}
@article{tzen2019neural,
  title={Neural stochastic differential equations: Deep latent gaussian models in the diffusion limit},
  author={Tzen, Belinda and Raginsky, Maxim},
  journal={arXiv preprint arXiv:1905.09883},
  year={2019}
}
@article{kidger2020neural,
  title={Neural controlled differential equations for irregular time series},
  author={Kidger, Patrick and Morrill, James and Foster, James and Lyons, Terry},
  journal={Advances in Neural Information Processing Systems},
  volume={33},
  pages={6696--6707},
  year={2020}
}

@article{giraldo2018survey,
  title={A survey of physics-based attack detection in cyber-physical systems},
  author={Giraldo, Jairo and Urbina, David and Cardenas, Alvaro and Valente, Junia and Faisal, Mustafa and Ruths, Justin and Tippenhauer, Nils Ole and Sandberg, Henrik and Candell, Richard},
  journal={ACM Computing Surveys (CSUR)},
  volume={51},
  number={4},
  pages={1--36},
  year={2018},
  publisher={ACM New York, NY, USA}
}
@article{cook2019anomaly,
  title={Anomaly detection for IoT time-series data: A survey},
  author={Cook, Andrew A and M{\i}s{\i}rl{\i}, G{\"o}ksel and Fan, Zhong},
  journal={IEEE Internet of Things Journal},
  volume={7},
  number={7},
  pages={6481--6494},
  year={2019},
  publisher={IEEE}
}

@article{fathy2018large,
  title={Large-scale indexing, discovery, and ranking for the Internet of Things (IoT)},
  author={Fathy, Yasmin and Barnaghi, Payam and Tafazolli, Rahim},
  journal={ACM Computing Surveys (CSUR)},
  volume={51},
  number={2},
  pages={1--53},
  year={2018},
  publisher={ACM New York, NY, USA}
}
@article{li2022interpretable,
  title={Interpretable deep learning: Interpretation, interpretability, trustworthiness, and beyond},
  author={Li, Xuhong and Xiong, Haoyi and Li, Xingjian and Wu, Xuanyu and Zhang, Xiao and Liu, Ji and Bian, Jiang and Dou, Dejing},
  journal={Knowledge and Information Systems},
  volume={64},
  number={12},
  pages={3197--3234},
  year={2022},
  publisher={Springer}
}@article{glaunes2008large,
  title={Large deformation diffeomorphic metric curve mapping},
  author={Glaunes, Joan and Qiu, Anqi and Miller, Michael I and Younes, Laurent},
  journal={International journal of computer vision},
  volume={80},
  pages={317--336},
  year={2008},
  publisher={Springer}
}
@article{heo2024logistic,
  title={Logistic regression models for elastic shape of curves based on tangent representations},
  author={Heo, Tae-Young and Lee, Joon Myoung and Woo, Myung Hun and Lee, Hyeongseok and Cho, Min Ho},
  journal={Journal of the Korean Statistical Society},
  pages={1--19},
  year={2024},
  publisher={Springer}
}
@article{trirat2024universal,
  title={Universal Time-Series Representation Learning: A Survey},
  author={Trirat, Patara and Shin, Yooju and Kang, Junhyeok and Nam, Youngeun and Na, Jihye and Bae, Minyoung and Kim, Joeun and Kim, Byunghyun and Lee, Jae-Gil},
  journal={arXiv preprint arXiv:2401.03717},
  year={2024}
}
@article{deng2020modeling,
  title={Modeling continuous stochastic processes with dynamic normalizing flows},
  author={Deng, Ruizhi and Chang, Bo and Brubaker, Marcus A and Mori, Greg and Lehrmann, Andreas},
  journal={Advances in Neural Information Processing Systems},
  volume={33},
  pages={7805--7815},
  year={2020}
}
@article{feng2023multi,
  title={Multi-scale attention flow for probabilistic time series forecasting},
  author={Feng, Shibo and Miao, Chunyan and Xu, Ke and Wu, Jiaxiang and Wu, Pengcheng and Zhang, Yang and Zhao, Peilin},
  journal={IEEE Transactions on Knowledge and Data Engineering},
  year={2023},
  publisher={IEEE}
}
@article{lipman2022flow,
  title={Flow matching for generative modeling},
  author={Lipman, Yaron and Chen, Ricky TQ and Ben-Hamu, Heli and Nickel, Maximilian and Le, Matt},
  journal={arXiv preprint arXiv:2210.02747},
  year={2022}
}
@inproceedings{rezende2015variational,
  title={Variational inference with normalizing flows},
  author={Rezende, Danilo and Mohamed, Shakir},
  booktitle={International conference on machine learning},
  pages={1530--1538},
  year={2015},
  organization={PMLR}
}
@article{chen2018neural,
  title={Neural ordinary differential equations},
  author={Chen, Ricky TQ and Rubanova, Yulia and Bettencourt, Jesse and Duvenaud, David K},
  journal={Advances in neural information processing systems},
  volume={31},
  year={2018}
}
@inproceedings{grathwohl2019scalable,
  title={Scalable reversible generative models with free-form continuous dynamics},
  author={Grathwohl, Will and Chen, Ricky TQ and Bettencourt, Jesse and Duvenaud, David},
  booktitle={International Conference on Learning Representations},
  pages={7},
  year={2019}
}
@article{salman2018deep,
  title={Deep diffeomorphic normalizing flows},
  author={Salman, Hadi and Yadollahpour, Payman and Fletcher, Tom and Batmanghelich, Kayhan},
  journal={arXiv preprint arXiv:1810.03256},
  year={2018}
}
@article{glaunes2005transport,
  title={Transport par diff{\'e}omorphismes de points, de mesures et de courants pour la comparaison de formes et l’anatomie num{\'e}rique},
  author={Glaunes, Joan},
  journal={These de sciences, Universit{\'e} Paris},
  volume={13},
  year={2005}
}
@article{srivastava2010shape,
  title={Shape analysis of elastic curves in euclidean spaces},
  author={Srivastava, Anuj and Klassen, Eric and Joshi, Shantanu H and Jermyn, Ian H},
  journal={IEEE transactions on pattern analysis and machine intelligence},
  volume={33},
  number={7},
  pages={1415--1428},
  year={2010},
  publisher={IEEE}
}
@inproceedings{glaunes2004diffeomorphic,
  title={Diffeomorphic matching of distributions: A new approach for unlabelled point-sets and sub-manifolds matching},
  author={Glaunes, Joan and Trouv{\'e}, Alain and Younes, Laurent},
  booktitle={Proceedings of the 2004 IEEE Computer Society Conference on Computer Vision and Pattern Recognition, 2004. CVPR 2004.},
  volume={2},
  pages={II--II},
  year={2004},
  organization={IEEE}
}
@article{charon2013varifold,
  title={The varifold representation of nonoriented shapes for diffeomorphic registration},
  author={Charon, Nicolas and Trouv{\'e}, Alain},
  journal={SIAM journal on Imaging Sciences},
  volume={6},
  number={4},
  pages={2547--2580},
  year={2013},
  publisher={SIAM}
}

@article{dau2019ucr,
  title={The UCR time series archive},
  author={Dau, Hoang Anh and Bagnall, Anthony and Kamgar, Kaveh and Yeh, Chin-Chia Michael and Zhu, Yan and Gharghabi, Shaghayegh and Ratanamahatana, Chotirat Ann and Keogh, Eamonn},
  journal={IEEE/CAA Journal of Automatica Sinica},
  volume={6},
  number={6},
  pages={1293--1305},
  year={2019},
  publisher={IEEE}
}

@article{bagnall2018uea,
  title={The UEA multivariate time series classification archive, 2018},
  author={Bagnall, Anthony and Dau, Hoang Anh and Lines, Jason and Flynn, Michael and Large, James and Bostrom, Aaron and Southam, Paul and Keogh, Eamonn},
  journal={arXiv preprint arXiv:1811.00075},
  year={2018}
}

@article{nervo2019respiratory,
  title={Respiratory failure triggered by cholinesterase inhibitors may involve activation of a reflex sensory pathway by acetylcholine spillover},
  author={Nervo, Aur{\'e}lie and Calas, Andr{\'e}-Guilhem and Nachon, Florian and Krejci, Eric},
  journal={Toxicology},
  volume={424},
  pages={152232},
  year={2019},
  publisher={Elsevier}
}
@article{hoymann2012lung,
  title={Lung function measurements in rodents in safety pharmacology studies},
  author={Hoymann, Heinz Gerd},
  journal={Frontiers in pharmacology},
  volume={3},
  pages={156},
  year={2012},
  publisher={Frontiers Research Foundation}
}